@online{ito_wavelet,
  title={Wavelet 変換},
  author={伊藤 彰則},
  url={http://www.spcom.ecei.tohoku.ac.jp/~aito/wavelet/slide.pdf},
  urldate={2020-10-08},
}
@book{chui1993,
  title={ウェーブレット入門},
  author={C.K.Chui, 桜井 明, 新井 勉},
  publisher={東京電機大学出版局},
}
@online{haneishi_wavelet1,
  title={Wavelet1},
  author={羽石 秀昭},
  url={http://www.cfme.chiba-u.jp/~haneishi/class/iyogazokougaku/Wavelet1.pdf},
  urldate={2020-10-08},
}
@online{haneishi_wavelet2,
  title={Wavelet2},
  author={羽石 秀昭},
  url={http://www.cfme.chiba-u.jp/~haneishi/class/iyogazokougaku/Wavelet2.pdf},
  urldate={2020-10-08},
}
@book{nakano_wavelet,
  title={ウェーブレットによる信号 処理と画像処理},
  author={中野 宏毅, 吉田 靖夫, 山本 鎮男},
  publisher={共立出版},
}
@book{kanatani2003,
  title={これなら分かる応用数学教室 --最小二乗法からウェーブレットまで--},
  author={金谷 健一},
  publisher={共立出版},
}
@book{toda2005,
  author={戸田 浩, 章 忠, 川畑 洋昭},
  title={新ウェーブレット実践講座 : 入門と応用 : 信号処理の基礎から最新理論まで},
  publisher={ソフトバンククリエイティブ},
  year={2005},
  series={C magazine},
}
@book{maeda2001,
  title={ウェーブレット変換とその応用},
  author={前田 肇 and 佐野 昭 and 貴家 仁志 and 原 晋介},
  publisher={朝倉書店},
  year={2001},
}
@book{daubechies2012,
  author={Daubechies Ingrid, 山田 道夫, 佐々木 文夫},
  title={ウェーブレット10講},
  publisher={丸善出版},
  year={2012},
}
@book{hubbard2003,
  author={B.B.ハバード, 山田 道夫, 西野 操},
  title={ウェーブレット入門―数学的道具の物語},
  publisher={朝倉書店},
  year={2003},
}
@online{fussy_wavelet1,
  title={圧縮アルゴリズム (8) ウェーブレット変換 -1-},
  author={Fussy},
  url={http://fussy.web.fc2.com/algo/compress8_wavelet.htm},
  urldate={2020-10-09},
}
@online{fussy_wavelet2,
  title={圧縮アルゴリズム (9) ウェーブレット変換 -2-},
  author={Fussy},
  url={http://fussy.web.fc2.com/algo/compress9_wavelet2.htm},
  urldate={2020-10-09},
}
@online{ian_lifting,
  title={Basic Lifting Scheme Wavelets},
  author={Ian Kaplan},
  url={http://bearcave.com/misl/misl_tech/wavelets/lifting/basiclift.html},
  urldate={2020-10-09},
}
@inproceedings{fujinoki2014,
  title={リフティングウェーブレットと信号解析},
  author={藤ノ木 健介},
  year={2014}
}
@article{fujinoki2018,
  title={リフティングスキームによるウェーブレットの構成法},
  author={藤ノ木 健介},
  journal={日本応用数理学会論文誌},
  volume={28},
  number={2},
  pages={72-133},
  year={2018},
}
@article{uytterhoeven1997,
  title={Wavelet transforms using the lifting scheme},
  author={Uytterhoeven, Geert and Roose, Dirk and Bultheel, Adhemar},
  year={1997},
  publisher={Citeseer}
}
@book{boggess2015,
  title={A first course in wavelets with Fourier analysis},
  author={Boggess, Albert and Narcowich, Francis J},
  year={2015},
  publisher={John Wiley \& Sons}
}
